@misc{ site_disciplina,
    title = "Site da Disciplina - ET586 - ESTATIST PROBABILIDADE COMPUTACAO",
    author = "UFPE",
    year = "2020",
    url = "\url{https://www.cin.ufpe.br/~et586cc/index.html}"
    
}

@misc{ livro_base, 
    title = "Noções de Probabilidade e Estatística",
    author = "Marcos N. Magalhães, Antonio Carlos P. de Lima",
    year = "7ª Edição, Editora da Universidade de São Paulo",
    url = "\url{https://www.ime.usp.br/~noproest/doku.php}"
 
 }

@misc{ site_curso,
    title = "Página do Curso de Ciência da Computação na UFPE",
    author = "UFPE",
    year = "2023",
    url = "\url{https://www.ufpe.br/ciencia-da-computacao-bacharelado-cin}"
}


@misc{ livro_suplementar,
    title = "Estatística Básica",
    author = "Wilton de O. Bussab, Pedro A. Morettin",
    year = "6ª Edição, Editora Saraiva",
    url = "\url{https://edisciplinas.usp.br/pluginfile.php/7552971/mod_resource/content/0/Bussab%20e%20Morettin%20%282010%29%20A%20estat%C3%ADstica%20b%C3%A1sica_Cap6e7.pdf}"
}
